@article{alexandridis2013,
  title={Wavelet neural networks: A practical guide},
  author={Alexandridis, Antonios K and Zapranis, Achilleas D},
  journal={Neural Networks},
  volume={42},
  pages={1--27},
  year={2013},
  publisher={Elsevier}
}
@inproceedings{caraballo2016,
  title={Mackey-Glass noisy chaotic time series prediction by a swarm-optimized neural network},
  author={L{\'o}pez-Caraballo, CH and Salfate, I and Lazz{\'u}s, JA and Rojas, P and Rivera, M and Palma-Chilla, L},
  booktitle={Journal of Physics: Conference Series},
  volume={720},
  number={1},
  pages={012002},
  year={2016},
  organization={IOP Publishing}
}
@article{farmer1982,
  title={Chaotic attractors of an infinite-dimensional dynamical system},
  author={Farmer, J Doyne},
  journal={Physica D: Nonlinear Phenomena},
  volume={4},
  number={3},
  pages={366--393},
  year={1982},
  publisher={Elsevier}
}
@article{farmer1987,
  title={Predicting chaotic time series},
  author={Farmer, J Doyne and Sidorowich, John J},
  journal={Physical review letters},
  volume={59},
  number={8},
  pages={845},
  year={1987},
  publisher={APS}
}
@article{mackey1977,
  title={Oscillation and chaos in physiological control systems},
  author={Mackey, Michael C and Glass, Leon},
  journal={Science},
  volume={197},
  number={4300},
  pages={287--289},
  year={1977},
  publisher={American Association for the Advancement of Science}
}
@article{mirzaee2009,
  title={Linear combination rule in genetic algorithm for optimization of finite impulse response neural network to predict natural chaotic time series},
  author={Mirzaee, Hossein},
  journal={Chaos, Solitons \& Fractals},
  volume={41},
  number={5},
  pages={2681--2689},
  year={2009},
  publisher={Elsevier}
}
@inproceedings{muller1997,
  title={Predicting time series with support vector machines},
  author={M{\"u}ller, K-R and Smola, Alexander J and R{\"a}tsch, Gunnar and Sch{\"o}lkopf, Bernhard and Kohlmorgen, Jens and Vapnik, Vladimir},
  booktitle={International Conference on Artificial Neural Networks},
  pages={999--1004},
  year={1997},
  organization={Springer}
}
@article{oroji2016,
  title={An Ito stochastic differential equations model for the dynamics of the MCF-7 breast cancer cell line treated by radiotherapy},
  author={Oroji, Amin and Omar, Mohd and Yarahmadian, Shantia},
  journal={Journal of theoretical biology},
  volume={407},
  pages={128--137},
  year={2016},
  publisher={Elsevier}
}

